# References for Report
@mastersthesis{TreeTest,
  author       = "Ajdin Mehic",
  title        = "TreeTest: Online Tree Testing for Information Hierarchies",
  school       = "Graz University of Technology",
  date         = "2019",
}

@online{OptimalSort,
  author       = "{Optimal Workshop Ltd.}",
  title        = "OptimalSort",
  date         = "2021-01-27",
  url          = "https://www.optimalworkshop.com/optimalsort/",
  urldate      = "2021-01-27",
}