% Online Resources
% ----------------

@booklet{kardSort,
  author       = "Kailaash Balachandran",
  title        = "kardSort",
  date         = "2020-12-09",
  url          = "https://kardsort.com/",
  urldate      = "2020-12-09",
}

@online{SynCaps,
  author       = "{Syntagm}",
  title        = "SynCaps",
  date         = "2018-06-12",
  url          = "https://syntagm.co.uk/design/cardsortdl.shtml",
  urldate      = "2020-11-20",
}

@online{Casolysis,
  title        = "Casolysis",
  url          = "https://cs.uni-paderborn.de/en/mci/forschung/anwendungensoftware/casolysis",
  urldate      = "2020-11-20",
}

@online{SortIt,
  title        = "SortIt",
  url          = "https://diglib.tugraz.at/download.php?id=5990d1408d8a8&location=browse",
  urldate      = "2020-11-25",
}

@online{UserZoom,
  title        = "UserZoom",
  url          = "https://www.userzoom.com/",
  urldate      = "2020-11-25",
}

@online{SimpleCardSort,
  title        = "SimpleCardSort",
  url          = "https://www.simplecardsort.com/",
  urldate      = "2020-11-25",
}

@online{usabiliTest,
  title        = "usabiliTest",
  url          = "https://www.usabilitest.com/",
  urldate      = "2020-11-25",
}

@online{OptimalSort,
  title        = "OptimalSort",
  url          = "https://www.optimalworkshop.com/optimalsort/",
  urldate      = "2020-11-28",
}

@online{xSort,
  title        = "xSort",
  url          = "https://xsortapp.com",
  urldate      = "2020-11-28",
}




